<record><leader>00000cas a22000007a 4500</leader><controlfield tag="001">24611077</controlfield><controlfield tag="008">911023d19041906ncucr ne      0    0eng d</controlfield><datafield ind1=" " ind2=" " tag="010"><subfield code="a">sn 91068691 </subfield></datafield><datafield ind1=" " ind2=" " tag="040"><subfield code="a">NVJ</subfield><subfield code="b">eng</subfield><subfield code="c">NVJ</subfield><subfield code="d">OCLCQ</subfield></datafield><datafield ind1=" " ind2=" " tag="042"><subfield code="a">msc</subfield></datafield><datafield ind1="0" ind2="4" tag="245"><subfield code="a">The Lumberton argus.</subfield></datafield><datafield ind1=" " ind2=" " tag="260"><subfield code="a">Lumberton, N.C. :</subfield><subfield code="b">O.J. Peterson</subfield></datafield><datafield ind1=" " ind2=" " tag="300"><subfield code="a">v.</subfield></datafield><datafield ind1=" " ind2=" " tag="310"><subfield code="a">Semiweekly</subfield></datafield><datafield ind1="0" ind2=" " tag="362"><subfield code="a">New ser. v. 1, no. 15 (Mar. 29, 1904)-</subfield></datafield><datafield ind1="1" ind2=" " tag="362"><subfield code="a">Ceased in 1906?</subfield></datafield><datafield ind1=" " ind2=" " tag="752"><subfield code="a">United States</subfield><subfield code="b">North Carolina</subfield><subfield code="c">Robeson</subfield><subfield code="d">Lumberton.</subfield></datafield><datafield ind1="0" ind2="0" tag="780"><subfield code="t">Weekly argus (Lumberton, N.C.)</subfield><subfield code="w">(DLC)sn 91068190</subfield></datafield></record>